<record><leader>00000cas a22000007a 4500</leader><controlfield tag="001">20752406</controlfield><controlfield tag="008">891208c18779999mouwr ne      0    0eng d</controlfield><datafield ind1=" " ind2=" " tag="010"><subfield code="a">sn 89067548 </subfield></datafield><datafield ind1=" " ind2=" " tag="040"><subfield code="a">MQN</subfield><subfield code="b">eng</subfield><subfield code="c">MQN</subfield><subfield code="d">OCLCQ</subfield></datafield><datafield ind1=" " ind2=" " tag="042"><subfield code="a">msc</subfield></datafield><datafield ind1="0" ind2=" " tag="130"><subfield code="a">Advertiser-courier (Hermann, Mo.)</subfield></datafield><datafield ind1="1" ind2="4" tag="245"><subfield code="a">The advertiser-courier.</subfield></datafield><datafield ind1=" " ind2=" " tag="260"><subfield code="a">Hermann, Mo. :</subfield><subfield code="b">C. Graf &amp; Co.</subfield></datafield><datafield ind1=" " ind2=" " tag="300"><subfield code="a">v.</subfield></datafield><datafield ind1=" " ind2=" " tag="310"><subfield code="a">Weekly</subfield></datafield><datafield ind1="0" ind2=" " tag="362"><subfield code="a">Vol. 4, no. 20 (Mar. 2, 1877)-</subfield></datafield><datafield ind1=" " ind2=" " tag="515"><subfield code="a">Continues numbering of: Hermann advertiser.</subfield></datafield><datafield ind1=" " ind2="4" tag="651"><subfield code="a">Hermann (Mo.)</subfield><subfield code="v">Newspapers.</subfield></datafield><datafield ind1=" " ind2=" " tag="752"><subfield code="a">United States</subfield><subfield code="b">Missouri</subfield><subfield code="c">Gasconade</subfield><subfield code="d">Hermann.</subfield></datafield><datafield ind1="0" ind2="4" tag="780"><subfield code="t">Hermann advertiser</subfield><subfield code="w">(DLC)sn 86054051</subfield></datafield><datafield ind1="0" ind2="4" tag="780"><subfield code="t">Gasconade County courier</subfield></datafield><datafield ind1="0" ind2="5" tag="780"><subfield code="t">Hermann independent (Hermann, Mo. : 1930)</subfield><subfield code="w">(DLC)sn 89067549</subfield></datafield><datafield ind1="1" ind2=" " tag="029"><subfield code="a">AU@</subfield><subfield code="b">000020623391</subfield></datafield></record>